@article{Abarbanell1997,
annote = {General Fundamenal Analysis -> No machine learning},
author = {Abarbanell, J and Bushee, Brian J},
file = {:home/freddie/Downloads/2491464.pdf:pdf},
journal = {Journal of Accounting Research},
number = {1},
pages = {1--24},
title = {{Fundamental Analysis, Future Earnings, and Stock Prices}},
volume = {35},
year = {1997}
}